<record><leader>00000cas a22000007a 4500</leader><controlfield tag="001">38740704</controlfield><controlfield tag="008">980318d19871995vauwr ne      0    0eng d</controlfield><datafield ind1=" " ind2=" " tag="010"><subfield code="a">sn 98068339 </subfield></datafield><datafield ind1=" " ind2=" " tag="040"><subfield code="a">NVK</subfield><subfield code="b">eng</subfield><subfield code="c">NVK</subfield><subfield code="d">OCLCQ</subfield><subfield code="d">OCLCF</subfield><subfield code="d">OCLCO</subfield></datafield><datafield ind1="1" ind2=" " tag="029"><subfield code="a">AU@</subfield><subfield code="b">000013798263</subfield></datafield><datafield ind1=" " ind2=" " tag="042"><subfield code="a">msc</subfield></datafield><datafield ind1=" " ind2=" " tag="043"><subfield code="a">n-us-va</subfield></datafield><datafield ind1="0" ind2=" " tag="130"><subfield code="a">Connection (Springfield, Va.)</subfield></datafield><datafield ind1="1" ind2="4" tag="245"><subfield code="a">The Connection.</subfield></datafield><datafield ind1="1" ind2="7" tag="246"><subfield code="a">Springfield connection</subfield></datafield><datafield ind1=" " ind2=" " tag="260"><subfield code="a">Springfield, Va. :</subfield><subfield code="b">Connection/Dominion,</subfield><subfield code="c">-1995.</subfield></datafield><datafield ind1=" " ind2=" " tag="300"><subfield code="a">v.</subfield></datafield><datafield ind1=" " ind2=" " tag="310"><subfield code="a">Weekly</subfield></datafield><datafield ind1="1" ind2=" " tag="362"><subfield code="a">Began in 1987.</subfield></datafield><datafield ind1="0" ind2=" " tag="362"><subfield code="a">-v. 9, no. 20 (May 18, 1995).</subfield></datafield><datafield ind1=" " ind2=" " tag="500"><subfield code="a">"Newspaper of Springfield" appears under masthead title, -Jan. 6, 1993.</subfield></datafield><datafield ind1=" " ind2=" " tag="500"><subfield code="a">"Springfield" appears in separate ornament above masthead title, Jan. 13, 1993-</subfield></datafield><datafield ind1=" " ind2=" " tag="530"><subfield code="a">Available on microfilm from U.M.I.</subfield></datafield><datafield ind1=" " ind2=" " tag="588"><subfield code="a">Description based on: Vol. 1, no. 3 (July 1, 1987).</subfield></datafield><datafield ind1=" " ind2="0" tag="651"><subfield code="a">Springfield (Va.)</subfield><subfield code="v">Newspapers.</subfield></datafield><datafield ind1=" " ind2="0" tag="651"><subfield code="a">Fairfax County (Va.)</subfield><subfield code="v">Newspapers.</subfield></datafield><datafield ind1=" " ind2="7" tag="655"><subfield code="a">Newspapers.</subfield><subfield code="2">fast</subfield><subfield code="0">(OCoLC)fst01423814</subfield></datafield><datafield ind1=" " ind2="7" tag="651"><subfield code="a">Virginia</subfield><subfield code="z">Fairfax County.</subfield><subfield code="2">fast</subfield><subfield code="0">(OCoLC)fst01204981</subfield></datafield><datafield ind1=" " ind2="7" tag="651"><subfield code="a">Virginia</subfield><subfield code="z">Springfield.</subfield><subfield code="2">fast</subfield><subfield code="0">(OCoLC)fst01203403</subfield></datafield><datafield ind1=" " ind2=" " tag="752"><subfield code="a">United States</subfield><subfield code="b">Virginia</subfield><subfield code="c">Fairfax</subfield><subfield code="d">Springfield.</subfield></datafield><datafield ind1="0" ind2="0" tag="780"><subfield code="t">Springfield independent</subfield><subfield code="w">(DLC)sn 98068328</subfield></datafield><datafield ind1="0" ind2="0" tag="785"><subfield code="t">Springfield connection</subfield><subfield code="w">(DLC)sn 98068331</subfield></datafield></record>